@book{story-naish:1973,
	Address = {Fairbanks, AK},
	Author = {Story, Gillian L. and Naish, Constance M.},
	Booktitle = {Tlingit verb dictionary},
	Eprint = {TL959NS1973},
	Eprinttype = {anla},
	Isbn = {0-933769-25-3},
	Publisher = {Alaska Native Language Center},
	Title = {Tlingit verb dictionary},
	Year = {1973}}

@unpublished{shotridge:1912,
	Author = {Shotridge, Louis},
	Eprint = {TL914Sh1912},
	Eprinttype = {anla},
	Note = {Unpublished lexicography materials},
	Title = {Shotridge notes},
	Year = {1912}}

@unpublished{shotridge:1914,
	Author = {Shotridge, Louis},
	Eprint = {TL914Sh1914},
	Eprinttype = {anla},
	Note = {Unpublished notes},
	Title = {Tlingit language notes},
	Year = {1914}}

@unpublished{shotridge:1915,
	Author = {Shotridge, Louis},
	Note = {University of Pennsylvania Museum Archives, Louis Shotridge Collection. Container 1, folder 14.},
	Title = {Notebook of Tlingit language notes, songs, \& articles for Museum Journal, including work with Boas.},
	Year = {1915}}

@book{boas:1917,
	Address = {Philadelphia},
	Author = {Boas, Franz},
	Booktitle = {Grammatical notes on the language of the Tlingit Indians},
	Eprint = {TL888B1917},
	Eprinttype = {anla},
	Library = {PM2455.B6},
	Number = {1},
	Publisher = {University of Pennsylvania},
	Series = {University Museum Anthropological Publications},
	Title = {Grammatical notes on the language of the Tlingit Indians},
	Volume = {8},
	Year = {1917}}

@book{edwards:2009,
	Address = {Juneau, AK},
	Author = {Edwards, Keri},
	Booktitle = {Dictionary of Tlingit},
	Eprint = {TL005E2009},
	Eprinttype = {anla},
	Isbn = {978-1-44-040127-5},
	Publisher = {Sealaska Heritage Institute},
	Title = {Dictionary of Tlingit},
	Year = {2009}}

@mastersthesis{story:1966,
	Address = {London},
	Author = {Story, Gillian L.},
	Eprint = {TL959S1966},
	Eprinttype = {anla},
	School = {School of Oriental and African Languages, University of London},
	Title = {A morphological study of Tlingit},
	Type = {master's thesis},
	Year = {1966}}

@unpublished{eggleston:2017,
	Author = {Eggleston, Keri},
	Note = {Unpublished online resource},
	Title = {Online Tlingit verb dictionary: A database of over 1,100 conjugated Tlingit verbs},
	Url = {http://ankn.uaf.edu/~tlingitverbs/},
	Year = {2017}}

@phdthesis{eggleston:2013a,
	Address = {Fairbanks, AK},
	Author = {Eggleston, Keri},
	Eprint = {TL005E2013},
	Eprinttype = {anla},
	School = {University of Alaska},
	Title = {575 Tlingit verbs: A study of Tlingit verb paradigms},
	Type = {PhD dissertation},
	Volume = {1},
	Year = {2013}}

@phdthesis{leer:1991,
	Address = {Chicago},
	Author = {Leer, Jeff},
	Eprint = {TL962L1991},
	Eprinttype = {anla},
	School = {University of Chicago},
	Title = {The schetic categories of the Tlingit verb},
	Type = {PhD dissertation},
	Year = {1991}}
